@misc{iea,
url={https://www.iea.org/gevo2018/},
journal={Iea.org},
year={2019}
}
@inproceedings{batterySoHEstimationMobile,
 author = {He, Liang and Kim, Eugene and Shin, Kang G. and Meng, Guozhu and He, Tian},
 title = {Battery State-of-health Estimation for Mobile Devices},
 booktitle = {Proceedings of the 8th International Conference on Cyber-Physical Systems},
 series = {ICCPS '17},
 year = {2017},
 isbn = {978-1-4503-4965-9},
 location = {Pittsburgh, Pennsylvania},
 pages = {51--60},
 numpages = {10},
 url = {http://doi.acm.org/10.1145/3055004.3055018},
 doi = {10.1145/3055004.3055018},
 acmid = {3055018},
 publisher = {ACM},
 address = {New York, NY, USA},
 keywords = {battery management, mobile device, relaxation, state of health},
}
@inproceedings{realTimePredictionOfBatteryPowerRequirements,
 author = {Kim, Eugene and Lee, Jinkyu and Shin, Kang G.},
 title = {Real-time Prediction of Battery Power Requirements for Electric Vehicles},
 booktitle = {Proceedings of the ACM/IEEE 4th International Conference on Cyber-Physical Systems},
 series = {ICCPS '13},
 year = {2013},
 isbn = {978-1-4503-1996-6},
 location = {Philadelphia, Pennsylvania},
 pages = {11--20},
 numpages = {10},
 url = {http://doi.acm.org/10.1145/2502524.2502527},
 doi = {10.1145/2502524.2502527},
 acmid = {2502527},
 publisher = {ACM},
 address = {New York, NY, USA},
 keywords = {acceleration prediction, battery management system (BMS), electric vehicles (EVs), prediction of battery power requirement},
}
@INPROCEEDINGS{realTimeBatteryThermalManagement,
author={E. {Kim} and K. G. {Shin} and J. {Lee}},
booktitle={2014 ACM/IEEE International Conference on Cyber-Physical Systems (ICCPS)},
title={Real-time battery thermal management for electric vehicles},
year={2014},
volume={},
number={},
pages={72-83},
keywords={battery management systems;battery powered vehicles;temperature control;thermal management (packaging);real-time battery thermal management system;electric vehicles;battery management system;BMS;thermo-physical characteristics;battery cells;active thermal control;unbalanced state of charge;SoC;thermal behavior;temperature-control;Batteries;Resistance;Thermal management;Temperature;Discharges (electric);Reliability;System-on-chip},
doi={10.1109/ICCPS.2014.6843712},
ISSN={},
month={April},
}
@inproceedings{towardsSmarterBatteryDesign,
 author = {Mandal, Suman K. and Bhojwani, Praveen S. and Mohanty, Saraju P. and Mahapatra, Rabi N.},
 title = {IntellBatt: Towards Smarter Battery Design},
 booktitle = {Proceedings of the 45th Annual Design Automation Conference},
 series = {DAC '08},
 year = {2008},
 isbn = {978-1-60558-115-6},
 location = {Anaheim, California},
 pages = {872--877},
 numpages = {6},
 url = {http://doi.acm.org/10.1145/1391469.1391690},
 doi = {10.1145/1391469.1391690},
 acmid = {1391690},
 publisher = {ACM},
 address = {New York, NY, USA},
 keywords = {battery management, intelligent battery scheduling, smart battery},
}
@inproceedings{batteryAwareDynamicSchedulingForPeriodicTaskGraphs,
 author = {Rao, Venkat and Navet, Nicolas and Singhal, Gaurav and Kumar, Anshul and Visweswaran, G. S.},
 title = {Battery Aware Dynamic Scheduling for Periodic Task Graphs},
 booktitle = {Proceedings of the 20th International Conference on Parallel and Distributed Processing},
 series = {IPDPS'06},
 year = {2006},
 isbn = {1-4244-0054-6},
 location = {Rhodes Island, Greece},
 pages = {170--170},
 numpages = {1},
 url = {http://dl.acm.org/citation.cfm?id=1898953.1899099},
 acmid = {1899099},
 publisher = {IEEE Computer Society},
 address = {Washington, DC, USA},
}
@ARTICLE{reconfigurableBatteryTechniquesAndSystems,
author={S. {Ci} and N. {Lin} and D. {Wu}},
journal={IEEE Access},
title={Reconfigurable Battery Techniques and Systems: A Survey},
year={2016},
volume={4},
number={},
pages={1175-1189},
keywords={battery management systems;fault tolerance;secondary cells;reconfigurable battery techniques;reconfigurable battery systems;battery management system;safety circuit;cell-balancing strategies;reconfigurable battery pack design;battery cell topology;fault tolerance ability;Energy storage;Battery management system;Safety;Battery cells;Reconfigurable batteries;Reconfigurable battery pack;energy storage system;SOC;battery management system;Reconfigurable battery pack;energy storage system;SOC;battery management system},
doi={10.1109/ACCESS.2016.2545338},
ISSN={2169-3536},
month={},}